
@article{athey2019generalized,
  title={Generalized random forests},
  author={Athey, Susan and Tibshirani, Julie and Wager, Stefan},
  year={2019}
}

@article{athey2019estimating,
  title={Estimating treatment effects with causal forests: An application},
  author={Athey, Susan and Wager, Stefan},
  journal={Observational Studies},
  volume={5},
  number={2},
  pages={37--51},
  year={2019},
  publisher={University of Pennsylvania Press}
}

@article{xie2012estimating,
  title={Estimating heterogeneous treatment effects with observational data},
  author={Xie, Yu and Brand, Jennie E and Jann, Ben},
  journal={Sociological methodology},
  volume={42},
  number={1},
  pages={314--347},
  year={2012},
  publisher={Sage Publications Sage CA: Los Angeles, CA}
}

@misc{econml,
  author={Keith Battocchi, Eleanor Dillon, Maggie Hei, Greg Lewis, Paul Oka, Miruna Oprescu, Vasilis Syrgkanis},
  title={{EconML}: {A Python Package for ML-Based Heterogeneous Treatment Effects Estimation}},
  howpublished={https://github.com/py-why/EconML},
  note={Version 0.x},
  year={2019}
}

@article{grimmer2017estimating,
  title={Estimating heterogeneous treatment effects and the effects of heterogeneous treatments with ensemble methods},
  author={Grimmer, Justin and Messing, Solomon and Westwood, Sean J},
  journal={Political Analysis},
  volume={25},
  number={4},
  pages={413--434},
  year={2017},
  publisher={Cambridge University Press}
}

@book{Arbuckle10,
  address   = {Birmingham, UK},
  author    = {Daniel Arbuckle},
  publisher = {Packt Publishing},
  title     = {Python Testing: Beginner's Guide},
  year      = {2010}
}

@book{CampbellEtAl09,
  author    = {Jennifer Campbell and Paul Gries and Jason Montojo and Gregory V. Wilson},
  editor    = {Daniel H. Steinberg},
  publisher = {The Pragmatic Programmers},
  series    = {Practical Programming},
  title     = {An Introduction to Computer Science Using {Python}},
  year      = {2009}
}

@book{FreemanPryce10,
  address   = {Boston, MA, USA},
  author    = {Steve Freeman and Nat Pryce},
  publisher = {Addison Wesley},
  title     = {Growing Object-Oriented Software, Guided by Tests},
  year      = {2010}
}

@unpublished{GaudeckerEconProjectTemplates,
  author = {Hans-Martin von Gaudecker},
  note   = {\url{https://doi.org/10.5281/zenodo.2533241}},
  title  = {Templates for Reproducible Research Projects in Economics},
  year   = {2019}
}

@book{Langtangen08,
  address   = {Berlin and Heidelberg, Germany},
  author    = {Hans Petter Langtangen},
  edition   = {3},
  publisher = {Springer},
  title     = {Python Scripting for Computational Science},
  year      = {2008}
}

@article{Loong07,
  author  = {Theresa Song Loong},
  journal = {The {Prac\TeX} Journal},
  number  = {3},
  title   = {The Beginner's Forest of {\LaTeX}},
  year    = {2007}
}

@article{McCullough09,
  author  = {B. D. {McCullough}},
  journal = {Economic Analysis \& Policy},
  month   = {March},
  number  = {1},
  pages   = {117-126},
  title   = {Open Access Economics Journals and the Market for Reproducible Economic Research},
  volume  = {39},
  year    = {2009}
}

@unpublished{Verfaille08,
  author = {Vincent Verfaille},
  month  = {January},
  note   = {Available at \url{http://www.cirmmt.mcgill.ca/activities/workshops/training/latex/details/pdf-slides}},
  title  = {{\LaTeX} workshop for advanced users... or at least not beginners!},
  year   = {2008}
}

@article{YaleRoundtable10,
  author  = {{Yale Law School Roundtable on Data and Code Sharing}},
  journal = {Computing in Science and Engineering},
  month   = {September/October},
  number  = {5},
  pages   = {8-13},
  title   = {Reproducible Research: Addressing the Need for Data and Code Sharing in Computational Science},
  volume  = {12},
  year    = {2010}
}
